@phdthesis{Rei12,
    title = {Minimization of decomposable in U-shaped curves functions
             defined on poset chains -- algorithms and applications},
    school = {University of Sao Paulo},
    author = {{Reis}, M.~S.},
    year = {2012},
}


@ARTICLE{RFB14,
    author = {{Reis}, M.~S. and {Ferreira}, C.~E. and {Barrera}, J.},
    title = "{The U-curve optimization problem: improvements on the original algorithm and time complexity analysis}",
    journal = {ArXiv e-prints},
    archivePrefix = "arXiv",
    eprint = {1407.6067},
    primaryClass = "cs.LG",
    keywords = {Computer Science - Learning, Computer Science - Computer Vision and Pattern Recognition, 68T10, I.5.2},
    year = 2014,
    month = jul,
    adsurl = {http://adsabs.harvard.edu/abs/2014arXiv1407.6067R},
    adsnote = {Provided by the SAO/NASA Astrophysics Data System}
}


@article{BCJMJ07,
    author = {J. Barrera and R. M. Cesar-Jr and D.C. Martins-Jr and
        R.Z.N Vencio and E. F. Merino and M. M. Yamamoto and
        F. G. Leonardi and C. A. B. Pereira and H. A. Portillo},
    journal = {Methods of Microarray Data Analysis},
    pages = {11--26},
    title = {Constructing probabilistic genetic networks of {\it
        Plasmidium falciparum} from dynamical expression signals of the 
        intraerythrocytic development cycle.},
    volume = {V},
    year = {2007}
}

@article{MJCJJB,
    author = {D. C. Martins Jr and R. M. Cesar-Jr and J. Barrera},
    journal = {Computer Graphics and Image Processing, 2004. 
        Proceedings. 17th Brazilian Symposium},
    pages = {162--169},
    title = {W-operator window design by maximization of training data 
        information},
    year = {2004}
}

@article{MJCJB06,
    author = {D.C. Martins-Jr, R.M. Cesar-Jr an J. Barrera},
    journal = {Patter Analysis \& Applications},
    pages = {139--153},
    title = {W-operator window design by minimization of mean 
        conditional entropy},
    year = {2006}
}

@article{AG+18,
    title = "A fast Branch-and-Bound algorithm for U-curve feature selection",
    journal = "Pattern Recognition",
    volume = "73",
    number = "Supplement C",
    pages = "172 - 188",
    year = "2018",
    issn = "0031-3203",
    doi = "https://doi.org/10.1016/j.patcog.2017.08.013",
    url = "http://www.sciencedirect.com/science/article/pii/S0031320317303254",
    author = "Esmaeil Atashpaz-Gargari and Marcelo S. Reis and Ulisses M. Braga-Neto and Junior Barrera and Edward R. Dougherty",
    keywords = "Branch-and-bound algorithm, Feature selection, U-curve assumption, -operator design"
}

@ARTICLE{Bry86, 
    author={R. E. Bryant}, 
    journal={IEEE Transactions on Computers}, 
    title={Graph-Based Algorithms for Boolean Function Manipulation}, 
    year={1986}, 
    volume={C-35}, 
    number={8}, 
    pages={677-691}, 
    keywords={Boolean functions;binary decision diagrams;logic design verification;symbolic manipulation;Algebra;Application software;Artificial intelligence;Boolean functions;Combinatorial mathematics;Computer science;Data structures;Digital systems;Logic design;Logic testing;Boolean functions;binary decision diagrams;logic design verification;symbolic manipulation}, 
    doi={10.1109/TC.1986.1676819}, 
    ISSN={0018-9340}, 
    month={August},
}
